@inproceedings{forman2005counting,
  title={
    \href{
      https://citeseerx.ist.psu.edu/document?repid=rep1&type=pdf&doi=cce9f72ecf953605b61edc35a2962829c7fd976a
      }{Counting positives accurately despite inaccurate classification}},
  author={Forman, George},
  booktitle={European conference on machine learning},
  pages={564--575},
  year={2005},
  organization={Springer}
}

@article{vaz2019quantification,
  title={
    \href{
      https://www.jmlr.org/papers/volume20/18-456/18-456.pdf
    }{Quantification under prior probability shift: The ratio estimator and its extensions}},
  author={Vaz, Afonso Fernandes and Izbicki, Rafael and Stern, Rafael Bassi},
  journal={The Journal of Machine Learning Research},
  volume={20},
  number={1},
  pages={2921--2953},
  year={2019},
  publisher={JMLR. org}
}

@book{esuli2023learning,
  title={
    \href{
      https://books.google.com/books?hl=en&lr=&id=J1i0EAAAQBAJ&oi=fnd&pg=PP7&dq=learning+to+quantify+Andrea+Esuli+Alessandro+Fabris+Alejandro+Moreo+Fabrizio+Sebastiani&ots=GENx5we3nl&sig=xZOlhe_BcCpsz3_0JBuyQUXUjJY
    }{Learning to Quantify}},
  author={Esuli, Andrea and Fabris, Alessandro and Moreo, Alejandro and Sebastiani, Fabrizio},
  year={2023},
  publisher={Springer Nature}
}

@article{gonzalez2017review,
  title={
    \href{
      https://dl.acm.org/doi/pdf/10.1145/3117807
      }{A review on quantification learning}},
  author={Gonz{\'a}lez, Pablo and Casta{\~n}o, Alberto and Chawla, Nitesh V and Coz, Juan Jos{\'e} Del},
  journal={ACM Computing Surveys (CSUR)},
  volume={50},
  number={5},
  pages={1--40},
  year={2017},
  publisher={ACM New York, NY, USA}
}

@article{saerens2002adjusting,
  title={
    \href{
      https://scholar.archive.org/work/dfcqwj6pejfrtpnuys47gqhygq/access/wayback/http://www.isys.ucl.ac.be:80/staff/marco/Publications/Saerens2002a.pdf
      }{Adjusting the outputs of a classifier to new a priori probabilities: a simple procedure}},
  author={Saerens, Marco and Latinne, Patrice and Decaestecker, Christine},
  journal={Neural computation},
  volume={14},
  number={1},
  pages={21--41},
  year={2002},
  publisher={MIT Press}
}

@article{esuli2020critical,
  title={
    \href{
      https://openportal.isti.cnr.it/data/2020/440890/2020_%20440890.postprint.pdf?id=people______%3A%3A632733a0730caf1a410ff4f9f1594b92
      }{A critical reassessment of the Saerens-Latinne-Decaestecker algorithm for posterior probability adjustment}},
  author={Esuli, Andrea and Molinari, Alessio and Sebastiani, Fabrizio},
  journal={ACM Transactions on Information Systems (TOIS)},
  volume={39},
  number={2},
  pages={1--34},
  year={2020},
  publisher={ACM New York, NY, USA}
}

@inproceedings{alexandari2020maximum,
  title={
    \href{
      http://proceedings.mlr.press/v119/alexandari20a/alexandari20a.pdf
      }{Maximum likelihood with bias-corrected calibration is hard-to-beat at label shift adaptation}},
  author={Alexandari, Amr and Kundaje, Anshul and Shrikumar, Avanti},
  booktitle={International Conference on Machine Learning},
  pages={222--232},
  year={2020},
  organization={PMLR}
}

@inproceedings{guo2017calibration,
  title={
    \href{
      http://proceedings.mlr.press/v70/guo17a/guo17a.pdf
      }{On calibration of modern neural networks}},
  author={Guo, Chuan and Pleiss, Geoff and Sun, Yu and Weinberger, Kilian Q},
  booktitle={International conference on machine learning},
  pages={1321--1330},
  year={2017},
  organization={PMLR}
}

@article{tasche2019confidence,
title={
  \href{
    https://www.mdpi.com/2504-4990/1/3/47/pdf
    }{Confidence intervals for class prevalences under prior probability shift}},
  author={Tasche, Dirk},
  journal={Machine Learning and Knowledge Extraction},
  volume={1},
  number={3},
  pages={805--831},
  year={2019},
  publisher={MDPI}
}

@article{hopkins2010method,
title={
  \href{
    https://qipsr.as.uky.edu/sites/default/files/Hopkins_King_A%20Method%20of%20Automated%20Nonparametric%20Content%20Analysis_AJPS_2010.pdf
    }{A method of automated nonparametric content analysis for social science}},
  author={Hopkins, Daniel J and King, Gary},
  journal={American Journal of Political Science},
  volume={54},
  number={1},
  pages={229--247},
  year={2010},
  publisher={Wiley Online Library}
}

@article{daughton2020constructing,
title={
  \href{
    http://www.michaeljpaul.com/files/w3phiai19_confidence.pdf
    }{Constructing accurate confidence intervals when aggregating social media data for public health monitoring}},
  author={Daughton, Ashlynn R and Paul, Michael J},
  journal={Precision Health and Medicine: A Digital Revolution in Healthcare},
  pages={9--17},
  year={2020},
  publisher={Springer}
}

@article{daughton2021bootstrapping,
title={
  \href{
    https://link.springer.com/content/pdf/10.1007/s13278-021-00760-0.pdf?pdf=button
    }{A bootstrapping approach to social media quantification}},
  author={Daughton, Ashlynn R and Paul, Michael J},
  journal={Social Network Analysis and Mining},
  volume={11},
  number={1},
  pages={73},
  year={2021},
  publisher={Springer}
}

@inproceedings{keith2018uncertainty,
title={
  \href{
    https://aclanthology.org/D18-1487.pdf
    }{Uncertainty-aware generative models for inferring document class prevalence}},
  author={Keith, Katherine and Oâ€™Connor, Brendan},
  booktitle={Proceedings of the 2018 Conference on Empirical Methods in Natural Language Processing},
  pages={4575--4585},
  year={2018}
}

@article{le1960approximation,
title={
  \href{
    https://projecteuclid.org/journals/pacific-journal-of-mathematics/volume-10/issue-4/An-approximation-theorem-for-the-Poisson-binomial-distribution/pjm/1103038058.pdf
    }{An approximation theorem for the Poisson binomial distribution.}},
  author={Le Cam, Lucien},
  year={1960}
}

@article{wang1993number,
title={
  \href{
    http://www.planchet.net/EXT/ISFA/1226.nsf/0/069d7ef52c771fd0c1257e1d002a65cc/$FILE/A3n23.pdf
    }{On the number of successes in independent trials}},
  author={Wang, Yuan H},
  journal={Statistica Sinica},
  pages={295--312},
  year={1993},
  publisher={JSTOR}
}

@inproceedings{denham2021gain,
title={
  \href{
    https://ieeexplore.ieee.org/abstract/document/9679152/
    }{Gain-Some-Lose-Some: Reliable quantification under general dataset shift}},
  author={Denham, Benjamin and Lai, Edmund MK and Sinha, Roopak and Naeem, M Asif},
  booktitle={2021 IEEE International Conference on Data Mining (ICDM)},
  pages={1048--1053},
  year={2021},
  organization={IEEE}
}

@article{hong2013computing,
title={
  \href{
    https://www.researchgate.net/profile/Yili-Hong/publication/257017356_On_computing_the_distribution_function_for_the_Poisson_binomial_distribution/links/5a02feebaca2720c32650fb3/On-computing-the-distribution-function-for-the-Poisson-binomial-distribution.pdf
    }{On computing the distribution function for the Poisson binomial distribution}},
  author={Hong, Yili},
  journal={Computational Statistics \& Data Analysis},
  volume={59},
  pages={41--51},
  year={2013},
  publisher={Elsevier}
}

@inproceedings{lewis1995evaluating,
title={
  \href{
    https://www.researchgate.net/profile/Yili-Hong/publication/257017356_On_computing_the_distribution_function_for_the_Poisson_binomial_distribution/links/5a02feebaca2720c32650fb3/On-computing-the-distribution-function-for-the-Poisson-binomial-distribution.pdf
  }{Evaluating and optimizing autonomous text classification systems}},
  author={Lewis, David D},
  booktitle={Proceedings of the 18th annual international ACM SIGIR conference on Research and development in information retrieval},
  pages={246--254},
  year={1995}
}

@article{moreno2012unifying,
title={
  \href{
    https://www.sciencedirect.com/science/article/pii/S0031320311002901
  }{A unifying view on dataset shift in classification}},
  author={Moreno-Torres, Jose G and Raeder, Troy and Alaiz-Rodr{\'\i}guez, Roc{\'\i}o and Chawla, Nitesh V and Herrera, Francisco},
  journal={Pattern recognition},
  volume={45},
  number={1},
  pages={521--530},
  year={2012},
  publisher={Elsevier}
}

@article{storkey2009training,
title={
  \href{
    https://citeseerx.ist.psu.edu/document?repid=rep1&type=pdf&doi=d188e4073e1bf15030cf5eb7a1ff76a719866674
  }{When training and test sets are different: characterizing learning transfer}},
  author={Storkey, Amos and others},
  journal={Dataset shift in machine learning},
  volume={30},
  number={3-28},
  pages={6},
  year={2009},
  publisher={Citeseer}
}

@article{alaiz2011class,
title={
  \href{
    https://www.sciencedirect.com/science/article/abs/pii/S0925231211002359
  }{Class and subclass probability re-estimation to adapt a classifier in the presence of concept drift}},
  author={Ala{\'\i}z-Rodr{\'\i}guez, Roc{\'\i}o and Guerrero-Curieses, Alicia and Cid-Sueiro, Jes{\'u}s},
  journal={Neurocomputing},
  volume={74},
  number={16},
  pages={2614--2623},
  year={2011},
  publisher={Elsevier}
}

@article{du2014class,
title={
  \href{
    https://www.jstage.jst.go.jp/article/transinf/E97.D/5/E97.D_1358/_pdf
  }{Class prior estimation from positive and unlabeled data}},
  author={Du Plessis, Marthinus Christoffel and Sugiyama, Masashi},
  journal={IEICE TRANSACTIONS on Information and Systems},
  volume={97},
  number={5},
  pages={1358--1362},
  year={2014},
  publisher={The Institute of Electronics, Information and Communication Engineers}
}

@article{du2014semi,
title={
  \href{
    http://www.ms.k.u-tokyo.ac.jp/sugi/2014/ClassPrior.pdf
  }{Semi-supervised learning of class balance under class-prior change by distribution matching}},
  author={Du Plessis, Marthinus Christoffel and Sugiyama, Masashi},
  journal={Neural Networks},
  volume={50},
  pages={110--119},
  year={2014},
  publisher={Elsevier}
}

@inproceedings{chan2006estimating,
title={
  \href{
    https://aclanthology.org/P06-1012.pdf
  }{Estimating class priors in domain adaptation for word sense disambiguation}},
  author={Chan, Yee Seng and Ng, Hwee Tou},
  booktitle={Proceedings of the 21st International Conference on Computational Linguistics and 44th Annual Meeting of the Association for Computational Linguistics},
  pages={89--96},
  year={2006}
}

@article{zhang2010transfer,
title={
  \href{
    https://www.sciencedirect.com/science/article/abs/pii/S003132031000141X
  }{Transfer estimation of evolving class priors in data stream classification}},
  author={Zhang, Zhihao and Zhou, Jie},
  journal={Pattern Recognition},
  volume={43},
  number={9},
  pages={3151--3161},
  year={2010},
  publisher={Elsevier}
}

@article{barranquero2013study,
title={
  \href{
    https://www.academia.edu/download/45142998/On_the_study_of_nearest_neighbor_algorit20160427-10368-1206ovo.pdf
  }{On the study of nearest neighbor algorithms for prevalence estimation in binary problems}},
  author={Barranquero, Jose and Gonz{\'a}lez, Pablo and D{\'\i}ez, Jorge and Del Coz, Juan Jos{\'e}},
  journal={Pattern Recognition},
  volume={46},
  number={2},
  pages={472--482},
  year={2013},
  publisher={Elsevier}
}

@inproceedings{asoh2012fast,
title={
  \href{
    https://citeseerx.ist.psu.edu/document?repid=rep1&type=pdf&doi=7171fa15d16e7791a58c6c501f12f65a19aecf45#page=25
  }{A fast and simple method for profiling a population of twitter users}},
  author={Asoh, Hideki and Ikeda, Kazushi and Ono, Chihiro},
  booktitle={The Third International Workshop on Mining Ubiquitous and Social Environments},
  pages={19},
  year={2012},
  organization={Citeseer}
}

@article{gonzalez2013class,
title={
  \href{
    http://gvis.unileon.es/wp-content/uploads/2018/09/1-s2.0-S0020025512004069-main.pdf
  }{Class distribution estimation based on the Hellinger distance}},
  author={Gonz{\'a}lez-Castro, V{\'\i}ctor and Alaiz-Rodr{\'\i}guez, Roc{\'\i}o and Alegre, Enrique},
  journal={Information Sciences},
  volume={218},
  pages={146--164},
  year={2013},
  publisher={Elsevier}
}

@inproceedings{limsetto2011handling,
title={
  \href{
    https://www.researchgate.net/profile/Kitsana-Waiyamai-2/publication/221570582_Handling_Concept_Drift_via_Ensemble_and_Class_Distribution_Estimation_Technique/links/00b7d539015bcc5336000000/Handling-Concept-Drift-via-Ensemble-and-Class-Distribution-Estimation-Technique.pdf
  }{Handling concept drift via ensemble and class distribution estimation technique}},
  author={Limsetto, Nachai and Waiyamai, Kitsana},
  booktitle={Advanced Data Mining and Applications: 7th International Conference, ADMA 2011, Beijing, China, December 17-19, 2011, Proceedings, Part II 7},
  pages={13--26},
  year={2011},
  organization={Springer}
}

@inproceedings{xue2009quantification,
title={
  \href{
    https://storm.cis.fordham.edu/~gweiss/papers/kdd09.pdf
  }{Quantification and semi-supervised classification methods for handling changes in class distribution}},
  author={Xue, Jack Chongjie and Weiss, Gary M},
  booktitle={Proceedings of the 15th ACM SIGKDD international conference on knowledge discovery and data mining},
  pages={897--906},
  year={2009}
}

@article{sebastiani2020evaluation,
  title={
    \href{
      https://arxiv.org/pdf/1809.01991
  }{Evaluation measures for quantification: An axiomatic approach}},
  author={Sebastiani, Fabrizio},
  journal={Information Retrieval Journal},
  volume={23},
  number={3},
  pages={255--288},
  year={2020},
  publisher={Springer}
}

@article{forman2008quantifying,
  title={
    \href{
      https://link.springer.com/article/10.1007/s10618-008-0097-y
  }{Quantifying counts and costs via classification}},
  author={Forman, George},
  journal={Data Mining and Knowledge Discovery},
  volume={17},
  pages={164--206},
  year={2008},
  publisher={Springer}
}

@article{vapnik1999overview,
  title={
    \href{
      http://web.mit.edu/6.962/www/www_spring_2001/emin/slt.pdf
  }{An overview of statistical learning theory}},
  author={Vapnik, Vladimir N},
  journal={IEEE transactions on neural networks},
  volume={10},
  number={5},
  pages={988--999},
  year={1999},
  publisher={IEEE}
}
