@inproceedings{forman2005counting,
  title={
    \href{
      https://citeseerx.ist.psu.edu/document?repid=rep1&type=pdf&doi=cce9f72ecf953605b61edc35a2962829c7fd976a
    }{Counting positives accurately despite inaccurate classification}
  },
  author={Forman, George},
  booktitle={European conference on machine learning},
  pages={564--575},
  year={2005},
  organization={Springer}
}

@article{vaz2019quantification,
  title={
    \href{
      https://www.jmlr.org/papers/volume20/18-456/18-456.pdf
    }{Quantification under prior probability shift: The ratio estimator and its extensions}
  },
  author={Vaz, Afonso Fernandes and Izbicki, Rafael and Stern, Rafael Bassi},
  journal={The Journal of Machine Learning Research},
  volume={20},
  number={1},
  pages={2921--2953},
  year={2019},
  publisher={JMLR. org}
}

@book{esuli2023learning,
  title={
    \href{
      https://books.google.com/books?hl=en&lr=&id=J1i0EAAAQBAJ&oi=fnd&pg=PP7&dq=learning+to+quantify+Andrea+Esuli+Alessandro+Fabris+Alejandro+Moreo+Fabrizio+Sebastiani&ots=GENx5we3nl&sig=xZOlhe_BcCpsz3_0JBuyQUXUjJY
    }{Learning to Quantify}
  },
  author={Esuli, Andrea and Fabris, Alessandro and Moreo, Alejandro and Sebastiani, Fabrizio},
  year={2023},
  publisher={Springer Nature}
}

@article{gonzalez2017review,
  title={
    \href{
      https://dl.acm.org/doi/pdf/10.1145/3117807
    }{A review on quantification learning}
  },
  author={Gonz{\'a}lez, Pablo and Casta{\~n}o, Alberto and Chawla, Nitesh V and Coz, Juan Jos{\'e} Del},
  journal={ACM Computing Surveys (CSUR)},
  volume={50},
  number={5},
  pages={1--40},
  year={2017},
  publisher={ACM New York, NY, USA}
}

@article{saerens2002adjusting,
  title={
    \href{
      https://scholar.archive.org/work/dfcqwj6pejfrtpnuys47gqhygq/access/wayback/http://www.isys.ucl.ac.be:80/staff/marco/Publications/Saerens2002a.pdf
    }{Adjusting the outputs of a classifier to new a priori probabilities: a simple procedure}
  },
  author={Saerens, Marco and Latinne, Patrice and Decaestecker, Christine},
  journal={Neural computation},
  volume={14},
  number={1},
  pages={21--41},
  year={2002},
  publisher={MIT Press}
}

@article{esuli2020critical,
  title={
    \href{
      https://openportal.isti.cnr.it/data/2020/440890/2020_%20440890.postprint.pdf?id=people______%3A%3A632733a0730caf1a410ff4f9f1594b92
    }{A critical reassessment of the Saerens-Latinne-Decaestecker algorithm for posterior probability adjustment}
  },
  author={Esuli, Andrea and Molinari, Alessio and Sebastiani, Fabrizio},
  journal={ACM Transactions on Information Systems (TOIS)},
  volume={39},
  number={2},
  pages={1--34},
  year={2020},
  publisher={ACM New York, NY, USA}
}

@inproceedings{alexandari2020maximum,
  title={
    \href{
      http://proceedings.mlr.press/v119/alexandari20a/alexandari20a.pdf
    }{Maximum likelihood with bias-corrected calibration is hard-to-beat at label shift adaptation}
  },
  author={Alexandari, Amr and Kundaje, Anshul and Shrikumar, Avanti},
  booktitle={International Conference on Machine Learning},
  pages={222--232},
  year={2020},
  organization={PMLR}
}

@inproceedings{guo2017calibration,
  title={
    \href{
      http://proceedings.mlr.press/v70/guo17a/guo17a.pdf
    }{On calibration of modern neural networks}
  },
  author={Guo, Chuan and Pleiss, Geoff and Sun, Yu and Weinberger, Kilian Q},
  booktitle={International conference on machine learning},
  pages={1321--1330},
  year={2017},
  organization={PMLR}
}

@inproceedings{lewis1995evaluating,
  title={
    \href{
      https://www.researchgate.net/profile/Yili-Hong/publication/257017356_On_computing_the_distribution_function_for_the_Poisson_binomial_distribution/links/5a02feebaca2720c32650fb3/On-computing-the-distribution-function-for-the-Poisson-binomial-distribution.pdf
    }{Evaluating and optimizing autonomous text classification systems}
  },
  author={Lewis, David D},
  booktitle={Proceedings of the 18th annual international ACM SIGIR conference on Research and development in information retrieval},
  pages={246--254},
  year={1995}
}

@article{moreno2012unifying,
  title={
    \href{
      https://www.sciencedirect.com/science/article/pii/S0031320311002901
    }{A unifying view on dataset shift in classification}
  },
  author={Moreno-Torres, Jose G and Raeder, Troy and Alaiz-Rodr{\'\i}guez, Roc{\'\i}o and Chawla, Nitesh V and Herrera, Francisco},
  journal={Pattern recognition},
  volume={45},
  number={1},
  pages={521--530},
  year={2012},
  publisher={Elsevier}
}

@article{storkey2009training,
  title={
    \href{
      https://citeseerx.ist.psu.edu/document?repid=rep1&type=pdf&doi=d188e4073e1bf15030cf5eb7a1ff76a719866674
    }{When training and test sets are different: characterizing learning transfer}
  },
  author={Storkey, Amos and others},
  journal={Dataset shift in machine learning},
  volume={30},
  number={3-28},
  pages={6},
  year={2009},
  publisher={Citeseer}
}

@article{alaiz2011class,
  title={
    \href{
      https://www.sciencedirect.com/science/article/abs/pii/S0925231211002359
    }{Class and subclass probability re-estimation to adapt a classifier in the presence of concept drift}
  },
  author={Ala{\'\i}z-Rodr{\'\i}guez, Roc{\'\i}o and Guerrero-Curieses, Alicia and Cid-Sueiro, Jes{\'u}s},
  journal={Neurocomputing},
  volume={74},
  number={16},
  pages={2614--2623},
  year={2011},
  publisher={Elsevier}
}

@article{du2014class,
  title={
    \href{
      https://www.jstage.jst.go.jp/article/transinf/E97.D/5/E97.D_1358/_pdf
    }{Class prior estimation from positive and unlabeled data}
  },
  author={Du Plessis, Marthinus Christoffel and Sugiyama, Masashi},
  journal={IEICE TRANSACTIONS on Information and Systems},
  volume={97},
  number={5},
  pages={1358--1362},
  year={2014},
  publisher={The Institute of Electronics, Information and Communication Engineers}
}

@article{du2014semi,
  title={
    \href{
      http://www.ms.k.u-tokyo.ac.jp/sugi/2014/ClassPrior.pdf
    }{Semi-supervised learning of class balance under class-prior change by distribution matching}
  },
  author={Du Plessis, Marthinus Christoffel and Sugiyama, Masashi},
  journal={Neural Networks},
  volume={50},
  pages={110--119},
  year={2014},
  publisher={Elsevier}
}

@inproceedings{chan2006estimating,
  title={
    \href{
      https://aclanthology.org/P06-1012.pdf
    }{Estimating class priors in domain adaptation for word sense disambiguation}
  },
  author={Chan, Yee Seng and Ng, Hwee Tou},
  booktitle={Proceedings of the 21st International Conference on Computational Linguistics and 44th Annual Meeting of the Association for Computational Linguistics},
  pages={89--96},
  year={2006}
}

@article{zhang2010transfer,
  title={
    \href{
      https://www.sciencedirect.com/science/article/abs/pii/S003132031000141X
    }{Transfer estimation of evolving class priors in data stream classification}
  },
  author={Zhang, Zhihao and Zhou, Jie},
  journal={Pattern Recognition},
  volume={43},
  number={9},
  pages={3151--3161},
  year={2010},
  publisher={Elsevier}
}

@article{barranquero2013study,
    title={
      \href{
        https://www.academia.edu/download/45142998/On_the_study_of_nearest_neighbor_algorit20160427-10368-1206ovo.pdf
    }{On the study of nearest neighbor algorithms for prevalence estimation in binary problems}
  },
  author={Barranquero, Jose and Gonz{\'a}lez, Pablo and D{\'\i}ez, Jorge and Del Coz, Juan Jos{\'e}},
  journal={Pattern Recognition},
  volume={46},
  number={2},
  pages={472--482},
  year={2013},
  publisher={Elsevier}
}

@inproceedings{asoh2012fast,
  title={
    \href{
      https://citeseerx.ist.psu.edu/document?repid=rep1&type=pdf&doi=7171fa15d16e7791a58c6c501f12f65a19aecf45#page=25
    }{A fast and simple method for profiling a population of twitter users}
  },
  author={Asoh, Hideki and Ikeda, Kazushi and Ono, Chihiro},
  booktitle={The Third International Workshop on Mining Ubiquitous and Social Environments},
  pages={19},
  year={2012},
  organization={Citeseer}
}

@article{gonzalez2013class,
  title={
    \href{
      http://gvis.unileon.es/wp-content/uploads/2018/09/1-s2.0-S0020025512004069-main.pdf
    }{Class distribution estimation based on the Hellinger distance}
  },
  author={Gonz{\'a}lez-Castro, V{\'\i}ctor and Alaiz-Rodr{\'\i}guez, Roc{\'\i}o and Alegre, Enrique},
  journal={Information Sciences},
  volume={218},
  pages={146--164},
  year={2013},
  publisher={Elsevier}
}

@inproceedings{limsetto2011handling,
  title={
    \href{
      https://www.researchgate.net/profile/Kitsana-Waiyamai-2/publication/221570582_Handling_Concept_Drift_via_Ensemble_and_Class_Distribution_Estimation_Technique/links/00b7d539015bcc5336000000/Handling-Concept-Drift-via-Ensemble-and-Class-Distribution-Estimation-Technique.pdf
    }{Handling concept drift via ensemble and class distribution estimation technique}
  },
  author={Limsetto, Nachai and Waiyamai, Kitsana},
  booktitle={Advanced Data Mining and Applications: 7th International Conference, ADMA 2011, Beijing, China, December 17-19, 2011, Proceedings, Part II 7},
  pages={13--26},
  year={2011},
  organization={Springer}
}

@inproceedings{xue2009quantification,
  title={
    \href{
      https://storm.cis.fordham.edu/~gweiss/papers/kdd09.pdf
    }{Quantification and semi-supervised classification methods for handling changes in class distribution}
  },
  author={Xue, Jack Chongjie and Weiss, Gary M},
  booktitle={Proceedings of the 15th ACM SIGKDD international conference on knowledge discovery and data mining},
  pages={897--906},
  year={2009}
}

@article{sebastiani2020evaluation,
  title={
    \href{
      https://arxiv.org/pdf/1809.01991
    }{Evaluation measures for quantification: An axiomatic approach}
  },
  author={Sebastiani, Fabrizio},
  journal={Information Retrieval Journal},
  volume={23},
  number={3},
  pages={255--288},
  year={2020},
  publisher={Springer}
}

@article{forman2008quantifying,
  title={
    \href{
      https://link.springer.com/article/10.1007/s10618-008-0097-y
    }{Quantifying counts and costs via classification}
  },
  author={Forman, George},
  journal={Data Mining and Knowledge Discovery},
  volume={17},
  pages={164--206},
  year={2008},
  publisher={Springer}
}

@article{vapnik1999overview,
  title={
    \href{
      http://web.mit.edu/6.962/www/www_spring_2001/emin/slt.pdf
    }{An overview of statistical learning theory}
  },
  author={Vapnik, Vladimir N},
  journal={IEEE transactions on neural networks},
  volume={10},
  number={5},
  pages={988--999},
  year={1999},
  publisher={IEEE}
}

@inproceedings{biswas2021ensuring,
  title={
    \href{
      https://arxiv.org/pdf/2005.03474
    }{Ensuring fairness under prior probability shifts}
  },
  author={Biswas, Arpita and Mukherjee, Suvam},
  booktitle={Proceedings of the 2021 AAAI/ACM Conference on AI, Ethics, and Society},
  pages={414--424},
  year={2021}
}

@article{fabris2023measuring,
  title={
    \href{
      https://www.jair.org/index.php/jair/article/download/14033/26912
    }{Measuring fairness under unawareness of sensitive attributes: A quantification-based approach}
  },
  author={Fabris, Alessandro and Esuli, Andrea and Moreo, Alejandro and Sebastiani, Fabrizio},
  journal={Journal of Artificial Intelligence Research},
  volume={76},
  pages={1117--1180},
  year={2023}
}

@article{morrison2013tutorial,
  title={
    \href{
      https://arxiv.org/pdf/2104.08846
    }{Tutorial on logistic-regression calibration and fusion: converting a score to a likelihood ratio}
  },
  author={Morrison, Geoffrey Stewart},
  journal={Australian Journal of Forensic Sciences},
  volume={45},
  number={2},
  pages={173--197},
  year={2013},
  publisher={Taylor \& Francis}
}

@inproceedings{zadrozny2002transforming,
  title={
    \href{
      https://citeseerx.ist.psu.edu/document?repid=rep1&type=pdf&doi=04e10f745a7267453788a22f5150b5a32b2b3951
    }{Transforming classifier scores into accurate multiclass probability estimates}
  },
  author={Zadrozny, Bianca and Elkan, Charles},
  booktitle={Proceedings of the eighth ACM SIGKDD international conference on Knowledge discovery and data mining},
  pages={694--699},
  year={2002}
}

@inproceedings{niculescu2005predicting,
  title={
    \href{
      http://datascienceassn.org/sites/default/files/Predicting%20good%20probabilities%20with%20supervised%20learning.pdf
    }{Predicting good probabilities with supervised learning}
  },
  author={Niculescu-Mizil, Alexandru and Caruana, Rich},
  booktitle={Proceedings of the 22nd international conference on Machine learning},
  pages={625--632},
  year={2005}
}

@article{platt1999probabilistic,
  title={
    \href{
      https://www.researchgate.net/profile/John-Platt-2/publication/2594015_Probabilistic_Outputs_for_Support_Vector_Machines_and_Comparisons_to_Regularized_Likelihood_Methods/links/004635154cff5262d6000000/Probabilistic-Outputs-for-Support-Vector-Machines-and-Comparisons-to-Regularized-Likelihood-Methods.pdf
    }{Probabilistic outputs for support vector machines and comparisons to regularized likelihood methods}
  },
  author={Platt, John and others},
  journal={Advances in large margin classifiers},
  volume={10},
  number={3},
  pages={61--74},
  year={1999},
  publisher={Cambridge, MA}
}

@inproceedings{bella2010quantification,
  title={
    \href{
      http://users.dsic.upv.es/~flip/papers/BFHRICDM2010.pdf
    }{Quantification via probability estimators}
  },
  author={Bella, Antonio and Ferri, Cesar and Hern{\'a}ndez-Orallo, Jos{\'e} and Ramirez-Quintana, Maria Jose},
  booktitle={2010 IEEE International Conference on Data Mining},
  pages={737--742},
  year={2010},
  organization={IEEE}
}

@inproceedings{tang2010network,
  title={
    \href{
      http://www.leitang.net/papers/quantification.pdf
    }{Network quantification despite biased labels}
  },
  author={Tang, Lei and Gao, Huiji and Liu, Huan},
  booktitle={Proceedings of the Eighth Workshop on Mining and Learning with Graphs},
  pages={147--154},
  year={2010}
}

@article{tasche2014exact,
  title={
    \href{
      https://www.mdpi.com/1911-8074/7/4/150/pdf
    }{Exact fit of simple finite mixture models}
  },
  author={Tasche, Dirk},
  journal={Journal of Risk and Financial Management},
  volume={7},
  number={4},
  pages={150--164},
  year={2014},
  publisher={MDPI}
}

@inproceedings{forman2006quantifying,
  title={
    \href{
      https://shiftleft.com/mirrors/www.hpl.hp.com/techreports/2006/HPL-2006-48R1.pdf
    }{Quantifying trends accurately despite classifier error and class imbalance}
  },
  author={Forman, George},
  booktitle={Proceedings of the 12th ACM SIGKDD international conference on Knowledge discovery and data mining},
  pages={157--166},
  year={2006}
}

@article{dempster1977maximum,
  title={
    \href{
      https://www.eng.auburn.edu/~roppeth/courses/00sum13/7970%202013A%20ADvMobRob%20sp13/literature/paper%20W%20refs/dempster%20EM%201977.pdf
    }{Maximum likelihood from incomplete data via the EM algorithm}
  },
  author={Dempster, Arthur P and Laird, Nan M and Rubin, Donald B},
  journal={Journal of the royal statistical society: series B (methodological)},
  volume={39},
  number={1},
  pages={1--22},
  year={1977},
  publisher={Wiley Online Library}
}

@article{esuli2010sentiment,
  title={
    \href{
      http://nmis.isti.cnr.it/sebastiani/Publications/IEEEIS10.pdf
    }{Sentiment Quantification}
  },
  author={Esuli, Andrea and Sebastiani, Fabrizio and Abbasi, Ahmed},
  journal={IEEE Intell. Syst.},
  volume={25},
  number={4},
  pages={72--75},
  year={2010}
}

@inproceedings{esuli2014explicit,
  title={
    \href{
      https://citeseerx.ist.psu.edu/document?repid=rep1&type=pdf&doi=f0401ab7579c94dca7fdc5fba6d8f1665d155a58#page=8
    }{Explicit Loss Minimization in Quantification Applications (Preliminary Draft).}
  },
  author={Esuli, Andrea and Sebastiani, Fabrizio},
  booktitle={DART@ AI* IA},
  pages={1--11},
  year={2014},
  organization={Citeseer}
}

@article{esuli2015optimizing,
  title={
    \href{
      https://arxiv.org/pdf/1502.05491
    }{Optimizing text quantifiers for multivariate loss functions}
  },
  author={Esuli, Andrea and Sebastiani, Fabrizio},
  journal={ACM Transactions on Knowledge Discovery from Data (TKDD)},
  volume={9},
  number={4},
  pages={1--27},
  year={2015},
  publisher={ACM New York, NY, USA}
}

@inproceedings{joachims2005support,
  title={
    \href{
      https://icml.cc/imls/conferences/2005/proceedings/papers/048_ASupport_Joachims.pdf
    }{A support vector method for multivariate performance measures}
  },
  author={Joachims, Thorsten},
  booktitle={Proceedings of the 22nd international conference on Machine learning},
  pages={377--384},
  year={2005}
}

@article{barranquero2015quantification,
  title={
    \href{
      https://www.academia.edu/download/37046695/qbeta-manuscript.pdf
    }{Quantification-oriented learning based on reliable classifiers}
  },
  author={Barranquero, Jose and D{\'\i}ez, Jorge and del Coz, Juan Jos{\'e}},
  journal={Pattern Recognition},
  volume={48},
  number={2},
  pages={591--604},
  year={2015},
  publisher={Elsevier}
}

@article{moreo2022tweet,
  title={
    \href{
      https://journals.plos.org/plosone/article/file?id=10.1371/journal.pone.0263449&type=printable
    }{Tweet sentiment quantification: An experimental re-evaluation}
  },
  author={Moreo, Alejandro and Sebastiani, Fabrizio},
  journal={PLoS One},
  volume={17},
  number={9},
  pages={e0263449},
  year={2022},
  publisher={Public Library of Science San Francisco, CA USA}
}

@inproceedings{hassan2021pitfalls,
  title={
    \href{
      https://repositorio.usp.br/directbitstream/80a50292-fb10-4883-90b6-49ebe56e163b/3060056.pdf
    }{Pitfalls in quantification assessment}
  },
  author={Hassan, Waqar and Maletzke, Andr{\'e} Gustavo and Batista, Gustavo Enrique de Almeida Prado Alves},
  booktitle={Proceedings},
  year={2021}
}

@inproceedings{moreo2021re,
  title={
    \href{
      https://arxiv.org/pdf/2011.02552
    }{Re-assessing the “classify and count” quantification method}
  },
  author={Moreo, Alejandro and Sebastiani, Fabrizio},
  booktitle={Advances in Information Retrieval: 43rd European Conference on IR Research, ECIR 2021, Virtual Event, March 28--April 1, 2021, Proceedings, Part II 43},
  pages={75--91},
  year={2021},
  organization={Springer}
}

@inproceedings{kar2016online,
  title={
    \href{
      https://arxiv.org/pdf/1605.04135
    }{Online optimization methods for the quantification problem}
  },
  author={Kar, Purushottam and Li, Shuai and Narasimhan, Harikrishna and Chawla, Sanjay and Sebastiani, Fabrizio},
  booktitle={Proceedings of the 22nd ACM SIGKDD international conference on knowledge discovery and data mining},
  pages={1625--1634},
  year={2016}
}

@article{sanyal2018optimizing,
  title={
    \href{
      https://link.springer.com/article/10.1007/s10994-018-5736-y
    }{Optimizing non-decomposable measures with deep networks}
  },
  author={Sanyal, Amartya and Kumar, Pawan and Kar, Purushottam and Chawla, Sanjay and Sebastiani, Fabrizio},
  journal={Machine Learning},
  volume={107},
  pages={1597--1620},
  year={2018},
  publisher={Springer}
}

@inproceedings{Guyon2003DesignOE,
  title={
    \href{
      https://archive.ics.uci.edu/ml/machine-learning-databases/dorothea/Dataset.pdf
    }{Design of experiments for the NIPS 2003 variable selection benchmark}
  },
  booktitle={Feature Extraction. Studies in Fuzziness and Soft Computing},
  author={Isabelle M Guyon},
  year={2003},
  url={https://api.semanticscholar.org/CorpusID:115452637}
}

@inproceedings{keith2018uncertainty,
  title={
    \href{
      https://aclanthology.org/D18-1487.pdf
    }{Uncertainty-aware generative models for inferring document class prevalence}
  },
  author={Keith, Katherine and O’Connor, Brendan},
  booktitle={Proceedings of the 2018 Conference on Empirical Methods in Natural Language Processing},
  pages={4575--4585},
  year={2018}
}

@inproceedings{moreo2021quapy,
  title={
    \href{
      https://arxiv.org/pdf/2106.11057
    }{QuaPy: A Python-based framework for quantification}
  },
  author={Moreo, Alejandro and Esuli, Andrea and Sebastiani, Fabrizio},
  booktitle={Proceedings of the 30th ACM international conference on information \& knowledge management},
  pages={4534--4543},
  year={2021}
}

@inproceedings{kuppers2020multivariate,
  title={
    \href{
      http://openaccess.thecvf.com/content_CVPRW_2020/papers/w20/Kuppers_Multivariate_Confidence_Calibration_for_Object_Detection_CVPRW_2020_paper.pdf
    }{Multivariate confidence calibration for object detection}
  },
  author={Kuppers, Fabian and Kronenberger, Jan and Shantia, Amirhossein and Haselhoff, Anselm},
  booktitle={Proceedings of the IEEE/CVF conference on computer vision and pattern recognition workshops},
  pages={326--327},
  year={2020}
}

@article{tasche2016does,
  title={
    \href{
      https://arxiv.org/pdf/1602.08780
    }{Does quantification without adjustments work?}
  },
  author={Tasche, Dirk},
  journal={arXiv preprint arXiv:1602.08780},
  year={2016}
}

@article{schumacher2021comparative,
  title={
    \href{
      https://arxiv.org/pdf/2103.03223
    }{A comparative evaluation of quantification methods}
  },
  author={Schumacher, Tobias and Strohmaier, Markus and Lemmerich, Florian},
  journal={arXiv preprint arXiv:2103.03223},
  year={2021}
}
